@book{Gusfield,
author = {Gusfield, Dan},
title = {Algorithms on Strings, Trees, and Sequences: Computer Science and Computational Biology},
year = {1997},
isbn = {0-521-58519-8},
publisher = {Cambridge University Press},
address = {New York, NY, USA},
}

@inproceedings{summary,
  title={Loop summarization and termination analysis},
  author={Tsitovich, Aliaksei and Sharygina, Natasha and Wintersteiger, Christoph M and Kroening, Daniel},
  booktitle={International Conference on Tools and Algorithms for the Construction and Analysis of Systems},
  pages={81--95},
  year={2011},
  organization={Springer}
}


@MISC{svcomp,
    author = {Dirk Beyer},
    title = {Competition on Software Verification (SV-COMP)},
    year = {2012}
}

@article{floyd,
  title={Assigning meanings to programs},
  author={Floyd, Robert W},
  journal={Mathematical aspects of computer science},
  volume={19},
  number={19-32},
  pages={1},
  year={1967}
}

@inproceedings{colon,
  title={Practical methods for proving program termination},
  author={Col{\'o}n, Michael A and Sipma, Henny B},
  booktitle={International Conference on Computer Aided Verification},
  pages={442--454},
  year={2002},
  organization={Springer}
}


@inproceedings{tra,
  title={A term rewriting approach to the automated termination analysis of imperative programs},
  author={Falke, Stephan and Kapur, Deepak},
  booktitle={International Conference on Automated Deduction},
  pages={277--293},
  year={2009},
  organization={Springer}
}

@inproceedings{anand,
  title={Techniques to facilitate symbolic execution of real-world programs},
  author={Saswat Anand},
  year={2012}
}

@article{gupta,
  title={Proving non-termination},
  author={Gupta, Ashutosh and Henzinger, Thomas A and Majumdar, Rupak and Rybalchenko, Andrey and Xu, Ru-Gang},
  journal={ACM Sigplan Notices},
  volume={43},
  number={1},
  pages={147--158},
  year={2008},
  publisher={ACM}
}


@book{zantema,
  Author = {Terese},
  Title = {Term Rewriting Systems (Cambridge Tracts in Theoretical Computer Science)},
  Publisher = {Cambridge University Press},
  Year = {2003},
  ISBN = {0521391156}
}

@article{katz,
  title={A closer look at termination},
  author={Katz, Shmuel and Manna, Zohar},
  journal={Acta Informatica},
  volume={5},
  number={4},
  pages={333--352},
  year={1975},
  publisher={Springer}
}

@inproceedings{vidal,
  title={Closed symbolic execution for verifying program termination},
  author={Vidal, Germ{\'a}n},
  booktitle={Source Code Analysis and Manipulation (SCAM), 2012 IEEE 12th International Working Conference on},
  pages={34--43},
  year={2012},
  organization={IEEE}
}

@inproceedings{loopster,
 author = {Xie, Xiaofei and Chen, Bihuan and Zou, Liang and Lin, Shang-Wei and Liu, Yang and Li, Xiaohong},
 title = {Loopster: Static Loop Termination Analysis},
 booktitle = {Proceedings of the 2017 11th Joint Meeting on Foundations of Software Engineering},
 year={2017},
} 

@inproceedings{kildall,
 author = {Kildall, Gary A.},
 title = {A Unified Approach to Global Program Optimization},
 series = {POPL '73},
 year = {1973},
 location = {Boston, Massachusetts},
 pages = {194--206},
 numpages = {13},
 doi = {10.1145/512927.512945},
 acmid = {512945},
 publisher = {ACM}
}

@article{zhang, title={A path-based approach to the detection of infinite looping}, DOI={10.1109/apaqs.2001.990006}, journal={Proceedings Second Asia-Pacific Conference on Quality Software}, author={Zhang, Jian}, year={2001}, month={Dec}} 

@book{dragon,
 author = {Aho, Alfred V. and Lam, Monica S. and Sethi, Ravi and Ullman, Jeffrey D.},
 title = {Compilers: Principles, Techniques, and Tools (2nd Edition)},
 year = {2006},
 isbn = {0321486811},
 publisher = {Addison-Wesley Longman Publishing Co., Inc.},
 address = {Boston, MA, USA},
} 

@book{AhoParsing,
 author = {Aho, Alfred V. and Ullman, Jeffrey D.},
 title = {The Theory of Parsing, Translation, and Compiling},
 year = {1972},
 isbn = {0-13-914556-7}
}

@inproceedings{klee,
 author = {Cadar, Cristian and Dunbar, Daniel and Engler, Dawson},
 title = {KLEE: Unassisted and Automatic Generation of High-coverage Tests for Complex Systems Programs},
 year = {2008},
 acmid = {1855756},
} 

@book{muchnick,
 author = {Muchnick, Steven S.},
 title = {Advanced Compiler Design and Implementation},
 year = {1997},
 isbn = {1-55860-320-4}
} 

@book{skeppstedt,
  title={An Introduction to the Theory of Optimizing Compilers: With Performance Measurements on POWER},
  author={Skeppstedt, J.},
  isbn={9781537091129},
  year={2016}
}

@article{lengtarj,
 author = {Lengauer, Thomas and Tarjan, Robert Endre},
 title = {A Fast Algorithm for Finding Dominators in a Flowgraph},
 journal = {ACM Trans. Program. Lang. Syst.},
 issue_date = {July 1979},
 volume = {1},
 number = {1},
 month = jan,
 year = {1979},
 issn = {0164-0925},
 pages = {121--141},
 numpages = {21},
 doi = {10.1145/357062.357071},
 acmid = {357071},
 publisher = {ACM},
 address = {New York, NY, USA},
}

@article{mfa,
  title={Monotone data flow analysis frameworks},
  author={Kam, John B and Ullman, Jeffrey D},
  journal={Acta Informatica},
  volume={7},
  number={3},
  pages={305--317},
  year={1977},
  publisher={Springer}
}

@article{kingsym,
 author = {King, James C.},
 title = {Symbolic Execution and Program Testing},
 journal = {Commun. ACM},
 issue_date = {July 1976},
 volume = {19},
 number = {7},
 month = jul,
 year = {1976},
 issn = {0001-0782},
 pages = {385--394},
 numpages = {10},
 doi = {10.1145/360248.360252},
 acmid = {360252},
 publisher = {ACM},
 address = {New York, NY, USA},
 keywords = {program debugging, program proving, program testing, program verification, symbolic execution, symbolic interpretation},
}

@article{sage,
 author = {Godefroid, Patrice and Levin, Michael Y. and Molnar, David},
 title = {SAGE: Whitebox Fuzzing for Security Testing},
 journal = {Queue},
 issue_date = {January 2012},
 volume = {10},
 number = {1},
 month = jan,
 year = {2012},
 issn = {1542-7730},
 pages = {20:20--20:27},
 articleno = {20},
 numpages = {8},
 doi = {10.1145/2090147.2094081},
 acmid = {2094081},
 publisher = {ACM},
 address = {New York, NY, USA},
} 

@inproceedings{hoare,
  title={The verifying compiler: A grand challenge for computing research},
  author={Hoare, Tony},
  booktitle={International Conference on Compiler Construction},
  pages={262--272},
  year={2003},
  organization={Springer}
}


@inproceedings{colon2002practical,
  title={Practical methods for proving program termination},
  author={Col{\'o}n, Michael A and Sipma, Henny B},
  booktitle={International Conference on Computer Aided Verification},
  pages={442--454},
  year={2002},
  organization={Springer}
}

